@misc{cityhash,
author = {},
title = {CityHash, a family of hash functions for strings.},
howpublished = {\url{https://github.com/google/cityhash}},
month = {},
year = {2010}
}

@misc{yeah,
author = {},
title = {YeahFilter: A data structure with high query speed, low error rate, and low memory usage for multi-set membership queries.},
howpublished = {\url{https://github.com/wongsingfo/color4}},
month = {},
year = {2021}
}

@inproceedings{cuckoo,
  title={Cuckoo filter: Practically better than bloom},
  author={Fan, Bin and Andersen, Dave G and Kaminsky, Michael and Mitzenmacher, Michael D},
  booktitle={Proceedings of the 10th ACM International on Conference on emerging Networking Experiments and Technologies},
  pages={75--88},
  year={2014}
}

@article{bloom,
  title={Space/time trade-offs in hash coding with allowable errors},
  author={Bloom, Burton H},
  journal={Communications of the ACM},
  volume={13},
  number={7},
  pages={422--426},
  year={1970},
  publisher={ACM New York, NY, USA}
}